%YAML 1.1
%TAG !u! tag:unity3d.com,2011:
--- !u!1 &1117627928923891860
GameObject:
  m_ObjectHideFlags: 0
  m_CorrespondingSourceObject: {fileID: 0}
  m_PrefabInstance: {fileID: 0}
  m_PrefabAsset: {fileID: 0}
  serializedVersion: 6
  m_Component:
  - component: {fileID: 4681417147292573649}
  - component: {fileID: 447904936000117680}
  - component: {fileID: 8504020738585535880}
  - component: {fileID: 666596565649605448}
  - component: {fileID: 2599894947254370753}
  - component: {fileID: 609942692407079392}
  - component: {fileID: 3108710629741176692}
  - component: {fileID: 7268823458344479457}
  - component: {fileID: 6977560810333721215}
  - component: {fileID: 9135321132007617072}
  m_Layer: 11
  m_Name: Ghost
  m_TagString: Enemy
  m_Icon: {fileID: 0}
  m_NavMeshLayer: 0
  m_StaticEditorFlags: 0
  m_IsActive: 1
--- !u!4 &4681417147292573649
Transform:
  m_ObjectHideFlags: 0
  m_CorrespondingSourceObject: {fileID: 0}
  m_PrefabInstance: {fileID: 0}
  m_PrefabAsset: {fileID: 0}
  m_GameObject: {fileID: 1117627928923891860}
  m_LocalRotation: {x: -0, y: -0, z: -0, w: 1}
  m_LocalPosition: {x: 37.179, y: -0.034106, z: 11.293}
  m_LocalScale: {x: 1, y: 1, z: 1}
  m_Children:
  - {fileID: 4006843576338460849}
  - {fileID: 4929647428925201204}
  m_Father: {fileID: 0}
  m_RootOrder: 0
  m_LocalEulerAnglesHint: {x: 0, y: 0, z: 0}
--- !u!114 &447904936000117680
MonoBehaviour:
  m_ObjectHideFlags: 0
  m_CorrespondingSourceObject: {fileID: 0}
  m_PrefabInstance: {fileID: 0}
  m_PrefabAsset: {fileID: 0}
  m_GameObject: {fileID: 1117627928923891860}
  m_Enabled: 1
  m_EditorHideFlags: 0
  m_Script: {fileID: 11500000, guid: e008b5b291386244884149b85f3c4faf, type: 3}
  m_Name: 
  m_EditorClassIdentifier: 
  isEnemyFalling: 0
  triggerValue: 50
  isMagnetic: 0
  components:
  - {fileID: 447904936000117680}
  - {fileID: 666596565649605448}
  - {fileID: 3108710629741176692}
  - {fileID: 7268823458344479457}
  - {fileID: 6977560810333721215}
  - {fileID: 9135321132007617072}
  scripts: []
--- !u!135 &8504020738585535880
SphereCollider:
  m_ObjectHideFlags: 0
  m_CorrespondingSourceObject: {fileID: 0}
  m_PrefabInstance: {fileID: 0}
  m_PrefabAsset: {fileID: 0}
  m_GameObject: {fileID: 1117627928923891860}
  m_Material: {fileID: 0}
  m_IsTrigger: 0
  m_Enabled: 1
  serializedVersion: 2
  m_Radius: 1
  m_Center: {x: 0, y: 1, z: 0}
--- !u!114 &666596565649605448
MonoBehaviour:
  m_ObjectHideFlags: 0
  m_CorrespondingSourceObject: {fileID: 0}
  m_PrefabInstance: {fileID: 0}
  m_PrefabAsset: {fileID: 0}
  m_GameObject: {fileID: 1117627928923891860}
  m_Enabled: 1
  m_EditorHideFlags: 0
  m_Script: {fileID: 11500000, guid: 3ef7d1b14f70820409b6544b64334cb0, type: 3}
  m_Name: 
  m_EditorClassIdentifier: 
  speedToDamage: 0.1
  hp: 1
--- !u!54 &2599894947254370753
Rigidbody:
  m_ObjectHideFlags: 0
  m_CorrespondingSourceObject: {fileID: 0}
  m_PrefabInstance: {fileID: 0}
  m_PrefabAsset: {fileID: 0}
  m_GameObject: {fileID: 1117627928923891860}
  serializedVersion: 2
  m_Mass: 1
  m_Drag: 0
  m_AngularDrag: 0.05
  m_UseGravity: 1
  m_IsKinematic: 0
  m_Interpolate: 0
  m_Constraints: 112
  m_CollisionDetection: 0
--- !u!195 &609942692407079392
NavMeshAgent:
  m_ObjectHideFlags: 0
  m_CorrespondingSourceObject: {fileID: 0}
  m_PrefabInstance: {fileID: 0}
  m_PrefabAsset: {fileID: 0}
  m_GameObject: {fileID: 1117627928923891860}
  m_Enabled: 1
  m_AgentTypeID: 0
  m_Radius: 1
  m_Speed: 1.5
  m_Acceleration: 8
  avoidancePriority: 50
  m_AngularSpeed: 120
  m_StoppingDistance: 0
  m_AutoTraverseOffMeshLink: 1
  m_AutoBraking: 1
  m_AutoRepath: 1
  m_Height: 2
  m_BaseOffset: 0
  m_WalkableMask: 4294967295
  m_ObstacleAvoidanceType: 4
--- !u!114 &3108710629741176692
MonoBehaviour:
  m_ObjectHideFlags: 0
  m_CorrespondingSourceObject: {fileID: 0}
  m_PrefabInstance: {fileID: 0}
  m_PrefabAsset: {fileID: 0}
  m_GameObject: {fileID: 1117627928923891860}
  m_Enabled: 1
  m_EditorHideFlags: 0
  m_Script: {fileID: 11500000, guid: e0807aae0a2cd464f944872d003484a2, type: 3}
  m_Name: 
  m_EditorClassIdentifier: 
  targetLayer:
    serializedVersion: 2
    m_Bits: 4096
  obstacleLayer:
    serializedVersion: 2
    m_Bits: 1280
  visibleTargets: []
  FOVRadius: 10
  FOVAngle: 66
  Resolution: 1
  edgeResolveIterations: 3
  edgeDstThreshold: 0.5
  viewMeshFilter: {fileID: 7815193415260217350}
  Detection: 0
  viewAwareness: 0
  increaseSpeed: 40
  decreaseSpeed: 40
--- !u!114 &7268823458344479457
MonoBehaviour:
  m_ObjectHideFlags: 0
  m_CorrespondingSourceObject: {fileID: 0}
  m_PrefabInstance: {fileID: 0}
  m_PrefabAsset: {fileID: 0}
  m_GameObject: {fileID: 1117627928923891860}
  m_Enabled: 0
  m_EditorHideFlags: 0
  m_Script: {fileID: 11500000, guid: 60134cc7b0f9d2848bae81c48821bcb1, type: 3}
  m_Name: 
  m_EditorClassIdentifier: 
  navmeshAgent: {fileID: 0}
  body: {fileID: 2599894947254370753}
  magnetForce: 50
  speedCap: 2
--- !u!114 &6977560810333721215
MonoBehaviour:
  m_ObjectHideFlags: 0
  m_CorrespondingSourceObject: {fileID: 0}
  m_PrefabInstance: {fileID: 0}
  m_PrefabAsset: {fileID: 0}
  m_GameObject: {fileID: 1117627928923891860}
  m_Enabled: 1
  m_EditorHideFlags: 0
  m_Script: {fileID: 11500000, guid: 23f802330c650e243b2469124bc8d9c6, type: 3}
  m_Name: 
  m_EditorClassIdentifier: 
  stateTirggerVaule: 10
  wanderRange: 5
  currentFov: 0
  lookingForLocation: 0
  searchFailed: 0
  onRoute: 0
  onRouteTime: 0
--- !u!114 &9135321132007617072
MonoBehaviour:
  m_ObjectHideFlags: 0
  m_CorrespondingSourceObject: {fileID: 0}
  m_PrefabInstance: {fileID: 0}
  m_PrefabAsset: {fileID: 0}
  m_GameObject: {fileID: 1117627928923891860}
  m_Enabled: 0
  m_EditorHideFlags: 0
  m_Script: {fileID: 11500000, guid: ba9e9ebdf026d84428a4b9fb0cdcd904, type: 3}
  m_Name: 
  m_EditorClassIdentifier: 
  stateVisibleTargets: []
  enemy_TargetPosition: {x: 0, y: 0, z: 0}
  stateTirggerVaule: 50
--- !u!95 &3459330012458778799
Animator:
  serializedVersion: 3
  m_ObjectHideFlags: 0
  m_CorrespondingSourceObject: {fileID: 0}
  m_PrefabInstance: {fileID: 0}
  m_PrefabAsset: {fileID: 0}
  m_GameObject: {fileID: 5702243890429510030}
  m_Enabled: 1
  m_Avatar: {fileID: 0}
  m_Controller: {fileID: 9100000, guid: fa4eeb71f43c73e4fabe4fede176ff6a, type: 2}
  m_CullingMode: 0
  m_UpdateMode: 0
  m_ApplyRootMotion: 0
  m_LinearVelocityBlending: 0
  m_WarningMessage: 
  m_HasTransformHierarchy: 1
  m_AllowConstantClipSamplingOptimization: 1
  m_KeepAnimatorControllerStateOnDisable: 0
--- !u!1 &7837918794967872848
GameObject:
  m_ObjectHideFlags: 0
  m_CorrespondingSourceObject: {fileID: 0}
  m_PrefabInstance: {fileID: 0}
  m_PrefabAsset: {fileID: 0}
  serializedVersion: 6
  m_Component:
  - component: {fileID: 4006843576338460849}
  - component: {fileID: 2720012422216207729}
  - component: {fileID: 7815193415260217350}
  m_Layer: 11
  m_Name: VisionCon
  m_TagString: Untagged
  m_Icon: {fileID: 0}
  m_NavMeshLayer: 0
  m_StaticEditorFlags: 0
  m_IsActive: 1
--- !u!4 &4006843576338460849
Transform:
  m_ObjectHideFlags: 0
  m_CorrespondingSourceObject: {fileID: 0}
  m_PrefabInstance: {fileID: 0}
  m_PrefabAsset: {fileID: 0}
  m_GameObject: {fileID: 7837918794967872848}
  m_LocalRotation: {x: -0, y: -0, z: -0, w: 1}
  m_LocalPosition: {x: 0, y: 0.5, z: 0}
  m_LocalScale: {x: 1, y: 1, z: 1}
  m_Children: []
  m_Father: {fileID: 4681417147292573649}
  m_RootOrder: 0
  m_LocalEulerAnglesHint: {x: 0, y: 0, z: 0}
--- !u!23 &2720012422216207729
MeshRenderer:
  m_ObjectHideFlags: 0
  m_CorrespondingSourceObject: {fileID: 0}
  m_PrefabInstance: {fileID: 0}
  m_PrefabAsset: {fileID: 0}
  m_GameObject: {fileID: 7837918794967872848}
  m_Enabled: 1
  m_CastShadows: 1
  m_ReceiveShadows: 1
  m_DynamicOccludee: 1
  m_MotionVectors: 1
  m_LightProbeUsage: 1
  m_ReflectionProbeUsage: 1
  m_RayTracingMode: 2
  m_RenderingLayerMask: 1
  m_RendererPriority: 0
  m_Materials:
  - {fileID: 2100000, guid: f57a17b59f3d1764497b9a03bb17ac23, type: 2}
  m_StaticBatchInfo:
    firstSubMesh: 0
    subMeshCount: 0
  m_StaticBatchRoot: {fileID: 0}
  m_ProbeAnchor: {fileID: 0}
  m_LightProbeVolumeOverride: {fileID: 0}
  m_ScaleInLightmap: 1
  m_ReceiveGI: 1
  m_PreserveUVs: 0
  m_IgnoreNormalsForChartDetection: 0
  m_ImportantGI: 0
  m_StitchLightmapSeams: 1
  m_SelectedEditorRenderState: 3
  m_MinimumChartSize: 4
  m_AutoUVMaxDistance: 0.5
  m_AutoUVMaxAngle: 89
  m_LightmapParameters: {fileID: 0}
  m_SortingLayerID: 0
  m_SortingLayer: 0
  m_SortingOrder: 0
--- !u!33 &7815193415260217350
MeshFilter:
  m_ObjectHideFlags: 0
  m_CorrespondingSourceObject: {fileID: 0}
  m_PrefabInstance: {fileID: 0}
  m_PrefabAsset: {fileID: 0}
  m_GameObject: {fileID: 7837918794967872848}
  m_Mesh: {fileID: 0}
--- !u!1001 &4891781428619803871
PrefabInstance:
  m_ObjectHideFlags: 0
  serializedVersion: 2
  m_Modification:
    m_TransformParent: {fileID: 4681417147292573649}
    m_Modifications:
    - target: {fileID: -8679921383154817045, guid: e81c2e2f47182474ea15dd3e6e420283,
        type: 3}
      propertyPath: m_LocalPosition.x
      value: -0.11
      objectReference: {fileID: 0}
    - target: {fileID: -8679921383154817045, guid: e81c2e2f47182474ea15dd3e6e420283,
        type: 3}
      propertyPath: m_LocalPosition.y
      value: -0.19
      objectReference: {fileID: 0}
    - target: {fileID: -8679921383154817045, guid: e81c2e2f47182474ea15dd3e6e420283,
        type: 3}
      propertyPath: m_LocalPosition.z
      value: 0
      objectReference: {fileID: 0}
    - target: {fileID: -8679921383154817045, guid: e81c2e2f47182474ea15dd3e6e420283,
        type: 3}
      propertyPath: m_LocalRotation.x
      value: 0
      objectReference: {fileID: 0}
    - target: {fileID: -8679921383154817045, guid: e81c2e2f47182474ea15dd3e6e420283,
        type: 3}
      propertyPath: m_LocalRotation.y
      value: 1
      objectReference: {fileID: 0}
    - target: {fileID: -8679921383154817045, guid: e81c2e2f47182474ea15dd3e6e420283,
        type: 3}
      propertyPath: m_LocalRotation.z
      value: 0
      objectReference: {fileID: 0}
    - target: {fileID: -8679921383154817045, guid: e81c2e2f47182474ea15dd3e6e420283,
        type: 3}
      propertyPath: m_LocalRotation.w
      value: 0
      objectReference: {fileID: 0}
    - target: {fileID: -8679921383154817045, guid: e81c2e2f47182474ea15dd3e6e420283,
        type: 3}
      propertyPath: m_RootOrder
      value: 1
      objectReference: {fileID: 0}
    - target: {fileID: -8679921383154817045, guid: e81c2e2f47182474ea15dd3e6e420283,
        type: 3}
      propertyPath: m_LocalEulerAnglesHint.x
      value: 0
      objectReference: {fileID: 0}
    - target: {fileID: -8679921383154817045, guid: e81c2e2f47182474ea15dd3e6e420283,
        type: 3}
      propertyPath: m_LocalEulerAnglesHint.y
      value: 180
      objectReference: {fileID: 0}
    - target: {fileID: -8679921383154817045, guid: e81c2e2f47182474ea15dd3e6e420283,
        type: 3}
      propertyPath: m_LocalEulerAnglesHint.z
      value: 0
      objectReference: {fileID: 0}
    - target: {fileID: -8679921383154817045, guid: e81c2e2f47182474ea15dd3e6e420283,
        type: 3}
      propertyPath: m_LocalScale.x
      value: 21.089
      objectReference: {fileID: 0}
    - target: {fileID: -8679921383154817045, guid: e81c2e2f47182474ea15dd3e6e420283,
        type: 3}
      propertyPath: m_LocalScale.y
      value: 21.089
      objectReference: {fileID: 0}
    - target: {fileID: -8679921383154817045, guid: e81c2e2f47182474ea15dd3e6e420283,
        type: 3}
      propertyPath: m_LocalScale.z
      value: 21.089
      objectReference: {fileID: 0}
    - target: {fileID: -6754462779998350798, guid: e81c2e2f47182474ea15dd3e6e420283,
        type: 3}
      propertyPath: m_Materials.Array.data[0]
      value: 
      objectReference: {fileID: 2100000, guid: a17ae28f9c237774fbd09fd371d0cfc0, type: 2}
    - target: {fileID: -1702426406407569106, guid: e81c2e2f47182474ea15dd3e6e420283,
        type: 3}
      propertyPath: m_Materials.Array.data[0]
      value: 
      objectReference: {fileID: 2100000, guid: f180eb070e47fad44830cb7a53e92c6c, type: 2}
    - target: {fileID: 919132149155446097, guid: e81c2e2f47182474ea15dd3e6e420283,
        type: 3}
      propertyPath: m_Name
      value: Ghost_Walk
      objectReference: {fileID: 0}
    - target: {fileID: 3818509381706811729, guid: e81c2e2f47182474ea15dd3e6e420283,
        type: 3}
      propertyPath: m_Materials.Array.data[0]
      value: 
      objectReference: {fileID: 2100000, guid: 00f29dee85ddd374698c7150cc0feca8, type: 2}
    m_RemovedComponents: []
  m_SourcePrefab: {fileID: 100100000, guid: e81c2e2f47182474ea15dd3e6e420283, type: 3}
--- !u!1 &5702243890429510030 stripped
GameObject:
  m_CorrespondingSourceObject: {fileID: 919132149155446097, guid: e81c2e2f47182474ea15dd3e6e420283,
    type: 3}
  m_PrefabInstance: {fileID: 4891781428619803871}
  m_PrefabAsset: {fileID: 0}
--- !u!4 &4929647428925201204 stripped
Transform:
  m_CorrespondingSourceObject: {fileID: -8679921383154817045, guid: e81c2e2f47182474ea15dd3e6e420283,
    type: 3}
  m_PrefabInstance: {fileID: 4891781428619803871}
  m_PrefabAsset: {fileID: 0}
